%% TODO:Accessedの日付の形式を揃える
@ARTICLE{itakura2013,
  title    = {個人情報の取扱いに関する利用規約上の定めに関する考察},
  author   = {陽一郎, 板倉},
  abstract = {個人情報の取扱いに関して，利用規約をもって定めるという手法は，種々の問題を孕んでいる．本稿では，①
              個人情報の取扱いに関する利用規約上の定めの現状を分析した上で，② 個人情報の取扱いについて利用規約で扱うことに関連する議論，③
              個人情報の取扱いについて利用規約で定めることに伴って生じる問題点，④ 今後の法改正の議論に対する影響，をそれぞれ考察する．},
  journal  = {研究報告電子化知的財産・社会基盤（EIP）},
  volume   = {2013-EIP-62},
  number   =  4,
  pages    = {1-6},
  year     =  2013
}
@online{moj2020-teikeiyakkan,
  title    = {約款（定型約款）に関する規定の新設},
  author   = {法務省},
  url      = {\url{https://www.moj.go.jp/content/001255638.pdf}},
  year     =  2020,
  note  = "Accessed: 2022-10-25" 
}
@online{hashimoto2021,
    author = "阿友子, 橋本",
    title = {民法改正による新制度（第1回）－ 定型約款 | J-Net21[中小企業ビジネス支援サイト]},
    year = 2021,
    url = "\url{https://j-net21.smrj.go.jp/law/20210714.html}",
    urldate = {2022-10-25},
    note         = "Accessed: 2022-10-25",
}
@MISC{moj2020minpo,
  title        = "民法の一部を改正する法律（債権法改正）について",
  howpublished = "\url{https://www.moj.go.jp/MINJI/minji06_001070000.html}",
  note         = "Accessed: 2022-10-26",
  year         = 2020,
  language     = "ja"
}
@misc{jftc2021,
author = {},
title = {(令和3年2月17日)デジタル・プラットフォーム事業者の取引慣行等に関する実態調査(デジタル広告分野)について(最終報告)：公正取引委員会},
howpublished = {\url{https://www.jftc.go.jp/houdou/pressrelease/2021/feb/210217.html}},
month = {},
year = {2021},
note = {(Accessed on 12/17/2022)}
}
@book{sonokiyaku2022,
title={その規約、読みますか?: 義務的情報開示の失敗},
author={オムリ・ベン=シャハー and カール・E・シュナイダー},
translator={松尾, 加代 and 小湊, 真衣 and 荒川, 歩},
publisher={勁草書房},
year={2022},
month={},
day={27},
date={2022-05-27},
language={日本語},
pages={276},
keywords={ビジネス法入門},
isbn={978-4326404063},
isbn10={432640406X},
url={https://lead.to/amazon/jp/?op=bt&la=ja&key=432640406X},
url-am={https://www.amazon.co.jp/dp/432640406X/},
url-ci={https://ci.nii.ac.jp/books/search?advanced=true&isbn=9784326404063},
url-go={https://books.google.com/books?isbn=9784326404063},
url-wo={https://www.worldcat.org/search?qt=l2a&q=isbn%3A9784326404063},
price={￥3,520},
condition={新品},
timestamp={2022-12-17},
}
@misc{改正民法の定型約23:online,
author = {尼崎西宮総合法律事務所},
title = {改正民法の定型約款について解説！　判断のポイントは？},
howpublished = {\url{https://www.hanshin-law.com/blog/cat54/post_249.html}},
month = {},
year = {},
note = {(Accessed on 12/21/2022)}
}
@misc{国民生活no89,
auther = {村千鶴子},
title = {定型約款の規定の新設},
publisher = {独立行政法人 国民生活センター},
year = {2019}
}
@misc{個人情報保護法16:online,
author = {政府広報オンライン},
title = {「個人情報保護法」をわかりやすく解説　個人情報の取扱いルールとは？ },
howpublished = {\url{https://www.gov-online.go.jp/useful/article/201703/1.html}},
month = {8},
year = {2022},
note = {(Accessed on 12/22/2022)}
}
@misc{個人情報保護法ガイドライン,
author = {個人情報保護委員会},
title = {個人情報保護法ガイドライン（通則編） },
month = {9},
year = {2022},
note = {(Accessed on 12/22/2022)}
}
@misc{消費者契約法逐条解説,
author = {消費者庁},
title = {消費者契約法 逐条解説},
howpublished = {\url{https://www.caa.go.jp/policies/policy/consumer_system/consumer_contract_act/annotations/}},
month = {2},
year = {2019},
note = {(Accessed on 12/22/2022)}
}
@misc{その利用規約は有60:online,
author = {弁護士法人ファースト\&タンデムスプリント法律事務所},
title = {その利用規約は有効？消費者契約法と有効な利用規約の作り方},
howpublished = {\url{https://ec-lawyer.com/620/#i}},
month = {3},
year = {2022},
note = {(Accessed on 12/22/2022)}
}
@misc{消費者契約法改正に向けた専門技術的側面の研究会報告書,
author = {消費者契約法改正に向けた専門技術的側面の研究会},
title = {消費者契約法改正に向けた専門技術的側面の研究会報告書},
howpublished = {\url{https://www.caa.go.jp/policies/policy/consumer_system/consumer_contract_act/review_meeting_002/}},
month = {9},
year = {2019},
note = {(Accessed on 12/22/2022)}
}
@misc{契約条項の表示・不当条項について,
author = {消費者庁},
title = {契約条項の表示・不当条項について},
howpublished = {\url{https://www.caa.go.jp/policies/policy/consumer_system/consumer_contract_act/review_meeting_002/}},
month = {5},
year = {2020},
note = {(Accessed on 12/22/2022)}
}
@misc{オンラインプラットフォームにおける,
author = {消費者委員会 オンラインプラットフォームにおける取引の在り方に関する専門調査会},
title = {オンラインプラットフォームにおける取引の在り方に関する専門調査会報告書},
howpublished = {\url{https://www.cao.go.jp/consumer/iinkaikouhyou/2019/houkoku/201904_online_pf_houkoku.html}},
month = {4},
year = {2019},
note = {(Accessed on 12/22/2022)}
}
@book{黒橋禎夫2019-03-20,
title={自然言語処理〔改訂版〕 (放送大学教材)},
author={黒橋禎夫},
publisher={放送大学教育振興会},
year={2019},
month={3},
day={20},
date={2019-03-20},
language={日本語},
pages={202},
keywords={ソフトウェア開発・言語, 放送大学テキスト},
isbn={978-4595319587},
isbn10={4595319584},
url={https://lead.to/amazon/jp/?op=bt&la=ja&key=4595319584},
url-am={https://www.amazon.co.jp/dp/4595319584/},
url-ci={https://ci.nii.ac.jp/books/search?advanced=true&isbn=9784595319587},
url-go={https://books.google.com/books?isbn=9784595319587},
url-wo={https://www.worldcat.org/search?qt=l2a&q=isbn%3A9784595319587},
price={￥2,750},
condition={新品},
timestamp={2022-12-27},
}
@misc{https://doi.org/10.48550/arxiv.1706.03762,
  doi = {10.48550/ARXIV.1706.03762},
  url = {https://arxiv.org/abs/1706.03762},
  author = {Vaswani, Ashish and Shazeer, Noam and Parmar, Niki and Uszkoreit, Jakob and Jones, Llion and Gomez, Aidan N. and Kaiser, Lukasz and Polosukhin, Illia},
  keywords = {Computation and Language (cs.CL), Machine Learning (cs.LG), FOS: Computer and information sciences, FOS: Computer and information sciences},
  title = {Attention Is All You Need},
  publisher = {arXiv},
  year = {2017},
  copyright = {arXiv.org perpetual, non-exclusive license}
}
@misc{TheUnrea66:online,
author = {Karpathy, Andrej},
title = {The Unreasonable Effectiveness of Recurrent Neural Networks},
howpublished = {\url{http://karpathy.github.io/2015/05/21/rnn-effectiveness/}},
year = {2015},
note = {(Accessed on 12/27/2022)}
}
@misc{TheIllus32:online,
author = {Alammar, Jay},
title = {The Illustrated Transformer – Jay Alammar – Visualizing machine learning one concept at a time.},
howpublished = {\url{https://jalammar.github.io/illustrated-transformer/}},
month = {6},
year = {2018},
note = {(Accessed on 12/27/2022)}
}
@misc{https://doi.org/10.48550/arxiv.1810.04805,
  doi = {10.48550/ARXIV.1810.04805},
  url = {https://arxiv.org/abs/1810.04805},
  author = {Devlin, Jacob and Chang, Ming-Wei and Lee, Kenton and Toutanova, Kristina},
  keywords = {Computation and Language (cs.CL), FOS: Computer and information sciences, FOS: Computer and information sciences},
  title = {BERT: Pre-training of Deep Bidirectional Transformers for Language Understanding},
  publisher = {arXiv},
  year = {2018},
  copyright = {arXiv.org perpetual, non-exclusive license}
}
@book{Sowmya_Vajjala2022-02-04,
title={実践 自然言語処理 ー実世界NLPアプリケーション開発のベストプラクティス},
author={Sowmya Vajjala and Bodhisattwa Majumder and Anuj Gupta and Harshit Surana},
translator={中山, 光樹},
publisher={オライリージャパン},
year={2022},
day={4},
date={2022-02-04},
language={日本語},
pages={512},
keywords={人工知能},
isbn={978-4873119724},
isbn10={4873119723},
url={https://lead.to/amazon/jp/?op=bt&la=ja&key=4873119723},
url-am={https://www.amazon.co.jp/dp/4873119723/},
url-ci={https://ci.nii.ac.jp/books/search?advanced=true&isbn=9784873119724},
url-go={https://books.google.com/books?isbn=9784873119724},
url-wo={https://www.worldcat.org/search?qt=l2a&q=isbn%3A9784873119724},
price={￥4,400},
condition={新品},
timestamp={2022-12-28},
}
@misc{ネットマイル｜ネ65:online,
author = {株式会社ネットマイル},
title = {ネットマイル｜ネットサービスの利用規約・プライバシー調査～個人情報漏れ警戒するも、面倒で利用規約を読まない利用者像、明らかに～},
howpublished = {\url{https://biz.netmile.co.jp/news/press_2012/press_release120420.html}},
year = {2012},
note = {(Accessed on 12/28/2022)}
}
@misc{利用規約をきちん32:online,
author = {マイナビ},
title = {利用規約をきちんと読んでいる人は15\% - Google規約変更は8割が知らない | TECH+（テックプラス）},
howpublished = {\url{https://news.mynavi.jp/techplus/article/20120423-a054/}},
year = {2012},
note = {(Accessed on 12/28/2022)}
}